%1
@misc{vaswani2023attentionneed,
      title={Attention Is All You Need}, 
      author={Ashish Vaswani and Noam Shazeer and Niki Parmar and Jakob Uszkoreit and Llion Jones and Aidan N. Gomez and Lukasz Kaiser and Illia Polosukhin},
      year={2023},
      eprint={1706.03762},
      archivePrefix={arXiv},
      primaryClass={cs.CL},
      url={https://arxiv.org/abs/1706.03762}, 
}

@misc{devlin2019bertpretrainingdeepbidirectional,
  title={BERT: Pre-training of Deep Bidirectional Transformers for Language Understanding}, 
  author={Jacob Devlin and Ming-Wei Chang and Kenton Lee and Kristina Toutanova},
  year={2019},
  eprint={1810.04805},
  archivePrefix={arXiv},
  primaryClass={cs.CL},
  url={https://arxiv.org/abs/1810.04805}, 
}

@misc{lan2020albertlitebertselfsupervised,
      title={ALBERT: A Lite BERT for Self-supervised Learning of Language Representations}, 
      author={Zhenzhong Lan and Mingda Chen and Sebastian Goodman and Kevin Gimpel and Piyush Sharma and Radu Soricut},
      year={2020},
      eprint={1909.11942},
      archivePrefix={arXiv},
      primaryClass={cs.CL},
      url={https://arxiv.org/abs/1909.11942}, 
}

@misc{he2021debertadecodingenhancedbertdisentangled,
      title={DeBERTa: Decoding-enhanced BERT with Disentangled Attention}, 
      author={Pengcheng He and Xiaodong Liu and Jianfeng Gao and Weizhu Chen},
      year={2021},
      eprint={2006.03654},
      archivePrefix={arXiv},
      primaryClass={cs.CL},
      url={https://arxiv.org/abs/2006.03654}, 
}

@misc{he2023debertav3improvingdebertausing,
      title={DeBERTaV3: Improving DeBERTa using ELECTRA-Style Pre-Training with Gradient-Disentangled Embedding Sharing}, 
      author={Pengcheng He and Jianfeng Gao and Weizhu Chen},
      year={2023},
      eprint={2111.09543},
      archivePrefix={arXiv},
      primaryClass={cs.CL},
      url={https://arxiv.org/abs/2111.09543}, 
}